<?xml version="1.0" encoding="UTF-8"?><collection xmlns="http://www.loc.gov/MARC21/slim"><record><leader>00550nam--2200193-i-4500</leader><controlfield tag="001">000047992</controlfield><controlfield tag="002">20161230</controlfield><controlfield tag="005">20161230201046</controlfield><controlfield tag="008">060222s1000------------r-----000-0-eng-d</controlfield><datafield ind1=" " ind2=" " tag="020"><subfield code="a">354019214X</subfield></datafield><datafield ind1=" " ind2=" " tag="040"><subfield code="a">IFIN-HH</subfield></datafield><datafield ind1=" " ind2=" " tag="080"><subfield code="a">535.343.2</subfield></datafield><datafield ind1="1" ind2=" " tag="100"><subfield code="a">Sild, Olev</subfield></datafield><datafield ind1="1" ind2="0" tag="245"><subfield code="a">Zero-phonon lines and spectral hole burning in spectroscopy and photochemistry</subfield><subfield code="c">OLEV SILD; KRISTJAN HALLER (Eds.)</subfield></datafield><datafield ind1=" " ind2=" " tag="260"><subfield code="a">TOKYO</subfield><subfield code="b">Springer-verlag</subfield><subfield code="c">1988</subfield></datafield><datafield ind1=" " ind2=" " tag="300"><subfield code="a">VIII + 183P</subfield></datafield><datafield ind1=" " ind2=" " tag="700"><subfield code="a">Haller, K</subfield></datafield><datafield ind1=" " ind2=" " tag="852"><subfield code="a">78665</subfield><subfield code="c">535.33</subfield></datafield><datafield ind1=" " ind2=" " tag="CAT"><subfield code="a">Sys</subfield><subfield code="c">20101221</subfield><subfield code="h">145210</subfield></datafield></record></collection>